@article{o2009genuine,
  title={The genuine sieve of Eratosthenes},
  author={O'NEILL, MELISSA E},
  journal={Journal of Functional Programming},
  volume={19},
  number={1},
  pages={95--106},
  year={2009},
  publisher={Cambridge University Press}
}
