@article{gwave,
  title="BOSS-LDG: A Novel Computational Framework that Brings Together Blue Waters, Open Science Grid, Shifter and the LIGO Data Grid to Accelerate Gravitational Wave Discovery",
  author="E. A. Huerta and Roland Haas and Edgar Fajardo and Daniel S. Katz and Stuart Anderson and Peter Couvares and Josh Willis and Timothy Bouvet and Jeremy Enos and William T. C. Kramer and Hon Wai Leong and David Wheeler",
  journal="JOURNAL NAME",
  year="2017"
}
